@article{Schilke2001,
	title = {A Line Survey of Orion-KL from 607 to 725 GHz P.},
	author = {P. Schilke, J. Beneford, T. R. Hunter, D. C. Lis, and T. G. Phillips},
	journal = {The Astrophysycal Journal Supplement Series},
	year = {2001}
}

@article{Nummelin1998,
	title = {{A Three-Position Spectral Line Survey of Sagittarius B2 between 218 and 263 GHz. I. The Observational Data}},
	author = {{Nummelin A, Bergman P, Hjalmarson A, Friberg P, Irvine W M, Millar T J}, Ohishi M and Saito S},
	journal = {The Astrophysical Journal Supplement Series},
	year = {1998}
}
@article{Cernicharo2013,
	title = {{Detection of the Ammonium Ion in Space}},
	author = {Cernicharo, J. and Tercero, B. and Fuente, A. and Domenech, J. L. and Cueto, M. and Carrasco, E. and Herrero, V. J. and Tanarro, I. and Marcelino, N. and Roueff, E. and Gerin, M. and Pearson, J.},
	journal = {The Astrophysical Journal},
	year = {2013}
}
@article{Muller2005,
	title = {{The Cologne Database for Molecular Spectroscopy, CDMS: a useful tool for astronomers and spectroscopists}},
	author = {M\"{u}ller, Holger S.P. and Schl\"{o}der, Frank and Stutzki, J\"{u}rgen and Winnewisser, Gisbert},
	journal = {Journal of Molecular Structure},
	year = {2005}
}

@article{Nummelin2000,
	title = {{A Three-Position Spectral Line Survey of Sagittarius B2 between 218 and 263 GHz. II. Data Analysis}},
	author = {{Nummelin A, Bergman P, Hjalmarson A, Friberg P, Irvine W M, Millar T J}, Ohishi M and Saito S},
	journal = {The Astrophysical Journal Supplement Series},
	year = {2000}
}

@book{han,
	title   = {{Data Mining Concepts and Techniques}},
	author  = { Han, J. and Kamber, M.},
	year    = {2001},
	publisher = {Morgan Kaufmann Publishers, USA},
}

@book{hastie,
	title   = {{The Elements of Statistical Learning Data Mining, Inference, and Prediction}},
	author  = { Hastie, T. and Tibshirani, R. and Friedman, J.},
	year    = {2013},
	publisher = {Springer Science, USA},
}


@article{Schilke2011,
	author = {Schilke,Peter and Rolffs,Rainer and Comito,Claudia},
	title = {Analysis Tools for Spectral Surveys},
	journal = {Proceedings of the International Astronomical Union},
	year = {2011},
}

@article{Remijan2008,
	author = {{Remijan}, A.~J. and Markwick-Kemper, A},
	title = "{Splatalogue: Database for Astronomical Spectroscopy}",
	booktitle = {OSU International Symposium on Molecular Spectroscopy},
	year = 2008,
}
@article{Remijan2010,
	author = {{Remijan}, A.~J.},
	title = "{Splatalogue - Motivation, Current Status, Future Plans}",
	booktitle = {American Astronomical Society Meeting Abstracts \#215},
	year = 2010,
	series = {Bulletin of the American Astronomical Society},
}


@inproceedings{howley_effect_2005,
	title = {The {Effect} of {Principal} {Component} {Analysis} on {Machine} {Learning} {Accuracy} with {High} {Dimensional} {Spectral} {Data}},
	language = {en},
	urldate = {2015-03-05},
	author = {Howley, Tom and Madden, Michael G. and O Connell, Marie-Louise and Ryder, Alan G.},
	year = {2005}
}
