@article{schilke_line_2001,
	title = {A Line Survey of Orion-{KL} from 607 to 725 {GHz}},
	volume = {132},
	issn = {0067-0049},
	url = {http://iopscience.iop.org/0067-0049/132/2/281},
	doi = {10.1086/318951},
	pages = {281},
	number = {2},
	journal = {The Astrophysical Journal Supplement Series},
	author = {Schilke, P. and Benford, D. J. and Hunter, T. R. and Lis, D. C. and Phillips, T. G.},
	year = {2001}
}

@inproceedings{schilke_analysis_2011,
	title = {Analysis Tools for Spectral Surveys},
	volume = {7},
	url = {http://journals.cambridge.org/article_S174392131102518X},
	doi = {10.1017/S174392131102518X},
	series = {Proceedings of the International Astronomical Union},
	pages = {440--448},
	booktitle = {The Molecular Universe},
	author = {Schilke, P. and Rolffs, R. and Comito, C.},
	year = {2011}
}

@article{cernicharo_detection_2013,
	title = {Detection of the Ammonium Ion in Space},
	url = {http://arxiv.org/abs/1306.3364},
	author = {Cernicharo, J. and Tercero, B. and Fuente, A. and Domenech, J. L. and Cueto, M. and Carrasco, E. and Herrero, V. J. and Tanarro, I. and Marcelino, N. and Roueff, E. and Gerin, M. and Pearson, J.},
	urldate = {2015-03-05},
	year = {2013},
	journal = {Astrophysical Journal Letters}
}

@article{cordiner_ethyl_2014,
	title = {Ethyl cyanide on Titan: Spectroscopic detection and mapping using {ALMA}},
	url = {http://arxiv.org/abs/1410.5325},
	shorttitle = {Ethyl cyanide on Titan},
	journal = {{arXiv}:1410.5325 [astro-ph]},
	author = {Cordiner, M. A. and Palmer, M. Y. and Nixon, C. A. and Irwin, P. G. J. and Teanby, N. A. and Charnley, S. B. and Mumma, M. J. and Kisiel, Z. and Serigano, J. and Kuan, Y.-J. and Chuang, Y.-L. and Wang, K.-S.},
	urldate = {2015-02-06},
	year = {2014},
	eprinttype = {arxiv},
	eprint = {1410.5325},
	keywords = {Astrophysics - Earth and Planetary Astrophysics}
}


@article{mairal_online_2009,
	title = {Online Learning for Matrix Factorization and Sparse Coding},
	url = {http://arxiv.org/abs/0908.0050},
	journal = {{arXiv}:0908.0050 [cs, math, stat]},
	author = {Mairal, J. and Bach, F. and Ponce, J. and Sapiro, G.},
	urldate = {2015-05-05},
	year = {2009},
	eprinttype = {arxiv},
	eprint = {0908.0050}
}


@inproceedings{mairal_online_2009_2,
location = {New York, {NY}, {USA}},
title = {Online Dictionary Learning for Sparse Coding},
isbn = {978-1-60558-516-1},
url = {http://doi.acm.org/10.1145/1553374.1553463},
doi = {10.1145/1553374.1553463},
series = {{ICML} '09},
pages = {689--696},
booktitle = {Proceedings of the 26th Annual International Conference on Machine Learning},
publisher = {{ACM}},
author = {Mairal, J. and Bach, F. and Ponce, J. and Sapiro, G.},
urldate = {2016-01-19},
year = {2009}
}



@article{mairal_optimization_2013,
	title = {Optimization with First-Order Surrogate Functions},
	url = {http://arxiv.org/abs/1305.3120},
	journal = {{arXiv}:1305.3120 [cs, math, stat]},
	author = {Mairal, J.},
	year = {2013},
	eprinttype = {arxiv},
	eprint = {1305.3120},
	keywords = {Computer Science - Learning, Mathematics - Optimization and Control, Statistics - Machine Learning}
}


@article{ma_simultaneous_2013,
	title = {Simultaneous variable selection and estimation in semiparametric modeling of longitudinal/clustered data},
	volume = {19},
	issn = {1350-7265},
	url = {http://arxiv.org/abs/1302.0151},
	doi = {10.3150/11-BEJ386},
	pages = {252--274},
	number = {1},
	journal = {Bernoulli},
	author = {Ma, S. and Song, Q. and Wang, L.},
	year = {2013},
	eprinttype = {arxiv},
	eprint = {1302.0151},
	keywords = {Mathematics - Statistics Theory}
}

@article{mairal_stochastic_2013,
	title = {Stochastic Majorization-Minimization Algorithms for Large-Scale Optimization},
	url = {http://arxiv.org/abs/1306.4650},
	journal = {{arXiv}:1306.4650 [cs, math, stat]},
	author = {Mairal, J.},
	year = {2013},
	eprinttype = {arxiv},
	eprint = {1306.4650},
	keywords = {Computer Science - Learning, Mathematics - Optimization and Control, Statistics - Machine Learning}
}

@inproceedings{howley_effect_2005,
	title = {The Effect of Principal Component Analysis on Machine Learning Accuracy with High Dimensional Spectral Data},
	url = {http://aran.library.nuigalway.ie/xmlui/handle/10379/194},
	author = {Howley, T. and Madden, M. G. and O Connell, M. and Ryder, A. G.},
	year = {2005}
}

@article{maret_weeds:_2010,
	title = {Weeds: a {CLASS} extension for the analysis of millimeter and sub-millimeter spectral surveys},
	url = {http://arxiv.org/abs/1012.1747},
	shorttitle = {Weeds},
	journal = {{arXiv}:1012.1747 [astro-ph]},
	author = {Maret, S. and Hily-Blant, P. and Pety, J. and Bardeau, S. and Reynier, E.},
	urldate = {2015-03-05},
	year = {2010},
	eprinttype = {arxiv},
	eprint = {1012.1747},
	keywords = {Astrophysics - Astrophysics of Galaxies, Astrophysics - Instrumentation and Methods for Astrophysics}
}


@article{nummelin_three-position_2000,
	title = {A Three-Position Spectral Line Survey of Sagittarius B2 between 218 and 263 {GHz}. {II}. Data Analysis},
	volume = {128},
	issn = {0067-0049},
	url = {http://iopscience.iop.org/0067-0049/128/1/213},
	doi = {10.1086/313376},
	pages = {213},
	number = {1},
	journal = {The Astrophysical Journal Supplement Series},
	shortjournal = {{ApJS}},
	author = {Nummelin, A. and Bergman, P. and Hjalmarson, Å and Friberg, P. and Irvine, W. M. and Millar, T. J. and Ohishi, M. and Saito, S.},
	year = {2000},
	langid = {english}
}

@article{nummelin_three-position_1998,
	title = {A Three-Position Spectral Line Survey of Sagittarius B2 between 218 and 263 {GHz}. I. The Observational Data},
	volume = {117},
	issn = {0067-0049},
	url = {http://iopscience.iop.org/0067-0049/117/2/427},
	doi = {10.1086/313126},
	pages = {427},
	number = {2},
	journal = {The Astrophysical Journal Supplement Series},
	shortjournal = {{ApJS}},
	author = {Nummelin, A. and Bergman, P. and Hjalmarson, Å and Friberg, P. and Irvine, W. M. and Millar, T. J. and Ohishi, M. and Saito, S.},
	urldate = {2015-08-31},
	year = {1998}
}


@article{remijan_splatalogue:_2008,
	title = {{SPLATALOGUE}: {DATABASE} {FOR} {ASTRONOMICAL} {SPECTROSCOPY}},
	issn = {http://hdl.handle.net/1811/33544},
	url = {http://hdl.handle.net/1811/33544},
	shorttitle = {{SPLATALOGUE}},
	abstract = {Author Institution: {ALMA} {WORKING} {GROUP} {ON} {SPECTRAL}; {LINE} {FREQUENCIES}, National Radio Astronomy Observatory, 520 Edgemont Road, Charlottesville, {VA} 22903; University of Manchester, Sackville Street, {PO} Box 88, Manchester M60 1QD, {UK}},
	author = {Remijan, A. J. and Markwick-Kemper, A. J.},
	year = {2008}
}

@inproceedings{remijan_splatalogue_2010,
	title = {Splatalogue - Motivation, Current Status, Future Plans},
	volume = {215},
	url = {http://adsabs.harvard.edu/abs/2010AAS...21547905R},
	eventtitle = {Bulletin of the American Astronomical Society},
	pages = {568},
	author = {Remijan, A. J.},
	year = {2010}
}

@inproceedings{markwick-kemper_splatalogue_2006,
	title = {The Splatalogue (Spectral Line Catalogue) and Calibase (Calibration Source Database)},
	volume = {208},
	url = {http://adsabs.harvard.edu/abs/2006AAS...208.5101M},
	eventtitle = {Bulletin of the American Astronomical Society},
	pages = {130},
	author = {Markwick-Kemper, A. J. and Remijan, A. J. and Fomalont, E.},
	year = {2006}
}


@article{sembach_far_2001,
	title = {Far Ultraviolet Spectroscopy of the Intergalactic and Interstellar Absorption Toward 3C 273},
	volume = {561},
	issn = {0004-637X, 1538-4357},
	url = {http://arxiv.org/abs/astro-ph/0108047},
	doi = {10.1086/323408},
	pages = {573--599},
	number = {2},
	journal = {The Astrophysical Journal},
	author = {Sembach, K. R. and Howk, J. C. and Savage, B. D. and Shull, J. M. and Oegerle, W. R.},
	year = {2001},
	eprinttype = {arxiv},
	eprint = {astro-ph/0108047},
	keywords = {Astrophysics}
}

@incollection{mallat2009,
    title = "A Wavelet Tour of Signal Processing (Third Edition) ",
    author = "Mallat, S.",
    publisher = "Academic Press",
    edition = "Second Edition",
    address = "Boston",
    year = "2009",
    isbn = "978-0-12-374370-1"
}


@article{efron_least_2004,
	title = {Least angle regression},
	volume = {32},
	issn = {0090-5364, 2168-8966},
	url = {http://projecteuclid.org/euclid.aos/1083178935},
	doi = {10.1214/009053604000000067},
	pages = {407--499},
	number = {2},
	journal = {The Annals of Statistics},
	shortjournal = {Ann. Statist.},
	author = {Efron, B. and Hastie, T. and Johnstone, I. and Tibshirani, R.},
	mrnumber = {MR2060166},
	zmnumber = {02100802},
	year = {2004},
	keywords = {boosting, coefficient paths, Lasso, linear regression, variable selection}
}

@article{chen_atomic_2001,
	title = {Atomic Decomposition by Basis Pursuit},
	volume = {43},
	issn = {0036-1445},
	url = {http://epubs.siam.org/doi/abs/10.1137/S003614450037906X},
	doi = {10.1137/S003614450037906X},
	pages = {129--159},
	number = {1},
	journal = {{SIAM} Review},
	shortjournal = {{SIAM} Rev.},
	author = {Chen, S. and Donoho, D. and Saunders, M.},
	urldate = {2015-09-01},
	year = {2001}
}


@article{turlach_simultaneous_2005,
	title = {Simultaneous Variable Selection},
	volume = {47},
	issn = {0040-1706},
	url = {http://dx.doi.org/10.1198/004017005000000139},
	doi = {10.1198/004017005000000139},
	pages = {349--363},
	number = {3},
	journal = {Technometrics},
	author = {Turlach, B. A. and Venables, W. N. and Wright, S. J.},
	urldate = {2015-09-01},
	year = {2005}
}


@article{sigurdsson_detection_2004,
	title = {Detection of skin cancer by classification of Raman spectra},
	volume = {51},
	issn = {0018-9294},
	doi = {10.1109/TBME.2004.831538},
	pages = {1784--1793},
	number = {10},
	journal = {{IEEE} Transactions on Biomedical Engineering},
	author = {Sigurdsson, S. and Philipsen, P.A. and Hansen, L.K. and Larsen, J. and Gniadecka, M. and Wulf, H.C.},
	year = {2004}
}


@inproceedings{madden_classification_2005,
	title = {Classification of a Target Analyte in Solid Mixtures using Principal Component Analysis, Support Vector Machines and Raman Spectroscopy},
	url = {http://aran.library.nuigalway.ie/xmlui/handle/10379/192},
	author = {Madden, M. G. and Leger, M. N. and Ryder, A. G. and Howley, T. and O Connell, M.},
	year = {2005}
}


@article{smith_molecular_2015,
	title = {A molecular line survey of a sample of {AGB} stars and planetary nebulae},
	url = {http://arxiv.org/abs/1508.05014},
	journal = {{arXiv}:1508.05014 [astro-ph]},
	author = {Smith, C. L. and Zijlstra, A. A. and Fuller, G. A.},
	year = {2015},
	eprinttype = {arxiv},
	eprint = {1508.05014},
	keywords = {Astrophysics - Astrophysics of Galaxies, Astrophysics - Solar and Stellar Astrophysics}
}


@article{muller_rotational_2008,
	title = {Rotational spectroscopy of isotopic vinyl cyanide, H2CCHCN, in the laboratory and in space},
	volume = {251},
	issn = {0022-2852},
	url = {http://www.sciencedirect.com/science/article/pii/S0022285208001252},
	doi = {10.1016/j.jms.2008.03.016},
	pages = {319--325},
	number = {1},
	journal = {Journal of Molecular Spectroscopy},
	shortjournal = {Journal of Molecular Spectroscopy},
	author = {M\"uller, H. S. P. and Belloche, A. and Menten, K. M. and Comito, C. and Schilke, P.},
	year = {2008},
	keywords = {Acrylonitrile, Interstellar molecule, Propenenitrile, Rotational spectroscopy, Sagittarius B2, Star-forming region, Submillimeter-wave spectroscopy, Vinyl cyanide}
}


@article{eguchi_superluminal_2013,
	title = {"Superluminal" {FITS} File Processing on Multiprocessors: Zero Time Endian Conversion Technique},
	volume = {125},
	issn = {00046280, 15383873},
	url = {http://arxiv.org/abs/1304.5302},
	doi = {10.1086/671105},
	shorttitle = {"Superluminal" {FITS} File Processing on Multiprocessors},
	pages = {565--579},
	number = {927},
	journal = {Publications of the Astronomical Society of the Pacific},
	author = {Eguchi, Satoshi},
	urldate = {2015-09-04},
	year = {2013},
	eprinttype = {arxiv},
	eprint = {1304.5302},
	keywords = {Astrophysics - Instrumentation and Methods for Astrophysics, Computer Science - Performance}
}


@article{muller_cologne_2005,
	title = {The Cologne Database for Molecular Spectroscopy, {CDMS}: a useful tool for astronomers and spectroscopists},
	volume = {742},
	issn = {0022-2860},
	url = {http://www.sciencedirect.com/science/article/pii/S0022286005000888},
	doi = {10.1016/j.molstruc.2005.01.027},
	series = {{MOLECULAR} {SPECTROSCOPY} {AND} {STRUCTUREA} Collection of Invited Papers in Honor of Dr. Walter J. Lafferty},
	shorttitle = {The Cologne Database for Molecular Spectroscopy, {CDMS}},
	pages = {215--227},
	number = {1},
	journal = {Journal of Molecular Structure},
	shortjournal = {Journal of Molecular Structure},
	author = {M\"uller, H. S. P. and Schlöder, F. and Stutzki, J. and Winnewisser, G.},
	year = {2005},
	keywords = {Database, Hamiltonian, Line identification, Molecular data, Molecular spectroscopy, Rotational spectroscopy, Terahertz spectroscopy}
}


@article{schuller_atlasgal_2009,
	title = {{ATLASGAL} - The {APEX} Telescope Large Area Survey of the Galaxy at 870 microns},
	volume = {504},
	issn = {0004-6361, 1432-0746},
	url = {http://arxiv.org/abs/0903.1369},
	doi = {10.1051/0004-6361/200811568},
	pages = {415--427},
	number = {2},
	journal = {Astronomy and Astrophysics},
	author = {Schuller, F. and Menten, K. M. and Contreras, Y. and Wyrowski, F. and Schilke, P. and Bronfman, L. and Henning, T. and Walmsley, C. M. and Beuther, H. and Bontemps, S. and Cesaroni, R. and Deharveng, L. and Garay, G. and Herpin, F. and Lefloch, B. and Linz, H. and Mardones, D. and Minier, V. and Molinari, S. and Motte, F. and Nyman, L.-A. and Reveret, V. and Risacher, C. and Russeil, D. and Schneider, N. and Testi, L. and Troost, T. and Vasyunina, T. and Wienen, M. and Zavagno, A. and Kovacs, A. and Kreysa, E. and Siringo, G. and Weiss, A.},
	urldate = {2015-09-04},
	year = {2009},
	eprinttype = {arxiv},
	eprint = {0903.1369},
	keywords = {Astrophysics - Astrophysics of Galaxies}
}


@article{tonegawa_field:_2015,
	title = {{FIELD}: An automated emission-line detection software for Subaru/{FMOS} near-infrared spectroscopy},
	volume = {67},
	issn = {0004-6264, 2053-051X},
	url = {http://arxiv.org/abs/1405.6198},
	doi = {10.1093/pasj/psu127},
	shorttitle = {{FIELD}},
	pages = {31},
	number = {3},
	journal = {Publications of the Astronomical Society of Japan},
	author = {Tonegawa, Motonari and Totani, Tomonori and Iwamuro, Fumihide and Akiyama, Masayuki and Dalton, Gavin and Glazebrook, Karl and Ohta, Kouji and Okada, Hiroyuki and Yabe, Kiyoto},
	urldate = {2015-12-07},
	year = {2015},
	eprinttype = {arxiv},
	eprint = {1405.6198},
	keywords = {Astrophysics - Cosmology and Nongalactic Astrophysics, Astrophysics - Instrumentation and Methods for Astrophysics}
}

@article{sharpee_introducing_2003,
	title = {Introducing {EMILI}: Computer Aided Emission Line Identification},
	volume = {149},
	issn = {0067-0049, 1538-4365},
	url = {http://arxiv.org/abs/astro-ph/0307053},
	doi = {10.1086/378321},
	shorttitle = {Introducing {EMILI}},
	pages = {157--187},
	number = {1},
	journal = {The Astrophysical Journal Supplement Series},
	author = {Sharpee, B. and Williams, R. and Baldwin, J. A. and van Hoof, P. A. M.},
	year = {2003},
	eprinttype = {arxiv},
	eprint = {astro-ph/0307053},
	keywords = {Astrophysics}
}


@book{struve_fundamentals_1989,
	location = {New York},
	edition = {1 edition},
	title = {Fundamentals of Molecular Spectroscopy},
	author = {Struve, W. S.},
	isbn = {9780471854241},
	pagetotal = {299},
	publisher = {Wiley-Interscience},
	year = {1989}
}


@article{comito_molecular_2005,
	title = {A Molecular Line Survey of Orion {KL} in the 350 Micron Band},
	volume = {156},
	issn = {0067-0049},
	url = {http://adsabs.harvard.edu/abs/2005ApJS..156..127C},
	doi = {10.1086/425996},
	pages = {127--167},
	journal = {The Astrophysical Journal Supplement Series},
	shortjournal = {The Astrophysical Journal Supplement Series},
	author = {Comito, C. and Schilke, P. and Phillips, T. G. and Lis, D. C. and Motte, F. and Mehringer, D.},
	year = {2005},
	keywords = {{ISM}: Abundances, {ISM}: Individual: Name: Orion, {ISM}: Molecules, Line: Formation, Line: Identification, Submillimeter}
}


@inproceedings{walsh_deep_2003,
	title = {A Deep {UV}-Blue Planetary Nebula Template Spectrum from {NGC} 7027},
	volume = {209},
	isbn = {1743-9221},
	url = {http://adsabs.harvard.edu/abs/2003IAUS..209..337W},
	abstract = {Not Available},
	eventtitle = {Planetary Nebulae: Their Evolution and Role in the Universe},
	pages = {337},
	author = {Walsh, J. R. and Péquignot, D. and Morisset, C. and Storey, P. J. and Sharpee, B. and Baldwin, J. and van Hoof, P. A. M. and Williams, R. E.},
	year = {2003}
}

@inproceedings{caux_cassis_2011,
	title = {{CASSIS}, a software package to analyse high spectral resolution observations},
	volume = {280},
	isbn = {1743-9221},
	url = {http://adsabs.harvard.edu/abs/2011IAUS..280P.120C},
	eventtitle = {{IAU} Symposium},
	pages = {120P},
	author = {Caux, E. and Bottinelli, S. and Vastel, C. and Glorian, J. M.},
	year = {2015},
	date = {2011-05-01}
}

@online{smith_mr_sp_2005,
	title = {Modern Raman Spectroscopy: A Practical Approach},
	author = {Smith, E. , Dent, G.},
	url = {http://www.wiley.com/WileyCDA/WileyTitle/productCd-0471497940.html},
	shorttitle = {Modern Raman Spectroscopy},
	year = {2005}
}


@inproceedings{vastel_cassis_2015,
	author = {Vastel, C. and Bottinelli, S. and Caux, E. and Glorian, J.-M. and Boiziot, M.},
	title = {{CASSIS}: a tool to visualize and analyse instrumental and synthetic spectra.},
	url = {http://adsabs.harvard.edu/abs/2015sf2a.conf..313V},
	year = {2015},
	keywords = {{ISM}: Molecules, Line: Identification, Molecular data, Radiative transfer}
}


@article{skoda_spectroscopic_2014,
	title = {Spectroscopic Analysis in the Virtual Observatory Environment with {SPLAT}-{VO}},
	volume = {7-8},
	issn = {22131337},
	url = {http://arxiv.org/abs/1407.1765},
	doi = {10.1016/j.ascom.2014.06.001},
	journal = {Astronomy and Computing},
	author = {Skoda, P. and D., Peter W. and N. and Castro, M.  and Andresic, D. and Jenness, T.},
	urldate = {2016-01-13},
	year = {2014},
	eprinttype = {arxiv},
	eprint = {1407.1765},
	keywords = {Astrophysics - Instrumentation and Methods for Astrophysics}
}


@inproceedings{bristow_fast_2013,
	title = {Fast Convolutional Sparse Coding},
	doi = {10.1109/CVPR.2013.57},
	booktitle = {2013 {IEEE} Conference on Computer Vision and Pattern Recognition ({CVPR})},
	author = {Bristow, H. and Eriksson, A. and Lucey, S.},
	year = {2013}
}


@inproceedings{gusten_apex,
	title = {{APEX}: the Atacama Pathfinder {EXperiment}},
	volume = {6267},
	url = {http://dx.doi.org/10.1117/12.670798},
	doi = {10.1117/12.670798},
	shorttitle = {{APEX}},
	pages = {626714--626714--26},
	author = {Gusten, R. and Booth, R. S. and Cesarsky, C. and Menten, K. M. and Agurto, C. and Anciaux, M. and Azagra, F. and Belitsky, V. and Belloche, A. and Bergman, P. and De Breuck, C. and Comito, C. and Dumke, M. and Duran, C. and Esch, W. and Fluxa, J. and Greve, A. and Hafok, H. and Häupl, W. and Helldner, L. and Henseler, A. and Heyminck, S. and Johansson, L. E. and Kasemann, C. and Klein, B. and Korn, A. and Kreysa, E. and Kurz, R. and Lapkin, I. and Leurini, S. and Lis, D. and Lundgren, A. and Mac-Auliffe, F. and Martinez, M. and Melnick, J. and Morris, D. and Muders, D. and Nyman, L. A. and Olberg, M. and Olivares, R. and Pantaleev, M. and Patel, N. and Pausch, K. and Philipp, S. D. and Philipps, S. and Sridharan, T. K. and Polehampton, E. and Reveret, V. and Risacher, C. and Roa, M. and Sauer, P. and Schilke, P. and Santana, J. and Schneider, G. and Sepulveda, J. and Siringo, G. and Spyromilio, J. and Stenvers, K.-H. and van der Tak, F. and Torres, D. and Vanzi, L. and Vassilev, V. and Weiss, A. and Willmeroth, K. and Wunsch, A. and Wyrowski, F.},
	urldate = {2016-01-18},
	year = {2006}
}

@inproceedings{de_graauw_herschel,
	title = {The Herschel-Heterodyne Instrument for the Far-Infrared ({HIFI})},
	doi = {10.1109/ICIMW.2004.1422223},
	eventtitle = {Conference Digest of the 2004 Joint 29th International Conference on Infrared and Millimeter Waves, 2004 and 12th International Conference on Terahertz Electronics, 2004},
	pages = {579--580},
	booktitle = {Conference Digest of the 2004 Joint 29th International Conference on Infrared and Millimeter Waves, 2004 and 12th International Conference on Terahertz Electronics, 2004},
	author = {de Graauw, T. and Caux, E. and Gusten, R. and Jellema, W. and Luinge, W. and Pearson, J. and Phillips, T. and Schieder, R. and Stutzki, J. and Wafelbakker, K. and Whyborn, Nick and Wildeman, K.},
	year = {2004}
}

@article{ho_submillimeter_2004,
	title = {The Submillimeter Array},
	volume = {616},
	issn = {0004-637X, 1538-4357},
	url = {http://arxiv.org/abs/astro-ph/0406352},
	doi = {10.1086/423245},
	number = {1},
	journal = {The Astrophysical Journal},
	author = {Ho, Paul T. P. and Moran, James M. and Lo, Kwok Yung},
	urldate = {2016-01-18},
	year = {2004},
	eprinttype = {arxiv},
	eprint = {astro-ph/0406352},
	keywords = {Astrophysics}
}

@inproceedings{becklin_stratospheric_2005,
	title = {Stratospheric Observatory for Infrared Astronomy ({SOFIA})},
	volume = {1},
	url = {http://journals.cambridge.org/article_S1743921306007332},
	doi = {10.1017/S1743921306007332},
	series = {Proceedings of the International Astronomical Union},
	pages = {323--324},
	booktitle = {Astrochemistry: Recent Successes and Current Challenges},
	author = {Becklin, E. E.},
	year = {2006}
}

@article{pequignot_deep_1996,
	title = {Deep spectroscopy of gaseous nebulae.},
	volume = {65},
	issn = {0281-1847},
	url = {http://adsabs.harvard.edu/abs/1996PhST...65..137P},
	doi = {10.1088/0031-8949/1996/T65/019},
	pages = {137--143},
	journal = {Physica Scripta Volume T},
	shortjournal = {Physica Scripta Volume T},
	author = {Pequignot, D.},
	year = {1996},
	keywords = {Spectroscopy: Gaseous Nebulae, Spectroscopy: Planetary Nebulae}
}

@article{fuller_thermal_1993,
	title = {Thermal Material in Dense Cores: A New Narrow-Line Probe and Technique of Temperature Determination},
	volume = {418},
	issn = {0004-637X, 1538-4357},
	url = {http://adsabs.harvard.edu/doi/10.1086/173389},
	doi = {10.1086/173389},
	shorttitle = {Thermal Material in Dense Cores},
	pages = {273},
	journal = {The Astrophysical Journal},
	author = {Fuller, G. A. and Myers, P. C.},
	urldate = {2016-01-27},
	year = {1993}
}


@article{hogerheijde_accelerated_2000,
	title = {An accelerated Monte Carlo method to solve two-dimensional radiative transfer and molecular excitation. With applications to axisymmetric models of star formation},
	volume = {362},
	issn = {0004-6361},
	pages = {697--710},
	journal = {Astronomy and Astrophysics},
	shortjournal = {Astronomy and Astrophysics},
	author = {Hogerheijde, M. R. and van der Tak, F. F. S.},
	urldate = {2016-01-28},
	year = {2000}
}

@article{brinch_lime_2010,
	title = {{LIME} - a flexible, non-{LTE} line excitation and radiation transfer method for millimeter and far-infrared wavelengths},
	author = {Brinch, C. and Hogerheijde, M. R.},
	volume = {523},
	issn = {0004-6361, 1432-0746},
	url = {http://arxiv.org/abs/1008.1492},
	doi = {10.1051/0004-6361/201015333},
	journal = {Astronomy \& Astrophysics},
	year = {2010},
}


@article{wright_sparse_2010,
	title = {Sparse Representation for Computer Vision and Pattern Recognition},
	volume = {98},
	issn = {0018-9219},
	doi = {10.1109/JPROC.2010.2044470},
	pages = {1031--1044},
	number = {6},
	journal = {Proceedings of the {IEEE}},
	author = {Wright, J. and Ma, Yi and Mairal, J. and Sapiro, G. and Huang, T.S. and Yan, Shuicheng},
	year = {2010},
	keywords = {Algorithm design and analysis, algorithmic techniques, analytical techniques, Application software, Asia, Compressed sensing, computer vision, Data mining, Dictionaries, Face recognition, Joining processes, Pattern Recognition, semantic information, Signal processing algorithms, signal representation, Signal representations, sparse signal representation, state-of-the-art results, training samples, unconventional dictionaries}
}

@incollection{xiang_learning_2011,
	title = {Learning Sparse Representations of High Dimensional Data on Large Scale Dictionaries},
	url = {http://papers.nips.cc/paper/4400-learning-sparse-representations-of-high-dimensional-data-on-large-scale-dictionaries.pdf},
	pages = {900--908},
	booktitle = {Advances in Neural Information Processing Systems 24},
	publisher = {Curran Associates, Inc.},
	author = {Xiang, Zhen J. and Xu, Hao and Ramadge, Peter J},
	editor = {Shawe-Taylor, J. and Zemel, R. S. and Bartlett, P. L. and Pereira, F. and Weinberger, K. Q.},
	urldate = {2016-02-03},
	year = {2011}
}

@article {precision_recall,
    author = {Perry, James W. and Kent, Allen and Berry, Madeline M.},
    title = {Machine literature searching X. Machine language; factors underlying its design and development},
    journal = {American Documentation},
    volume = {6},
    number = {4},
    publisher = {Wiley Subscription Services, Inc., A Wiley Company},
    issn = {1936-6108},
    url = {http://dx.doi.org/10.1002/asi.5090060411},
    doi = {10.1002/asi.5090060411},
    pages = {242--254},
    year = {1955}
}
